<record><leader>00000cas a22000007a 4500</leader><controlfield tag="001">12926199</controlfield><controlfield tag="008">851217d18911904paudn ne      0    0eng d</controlfield><datafield ind1=" " ind2=" " tag="010"><subfield code="a">sn 86081329 </subfield></datafield><datafield ind1=" " ind2=" " tag="040"><subfield code="a">NPH</subfield><subfield code="b">eng</subfield><subfield code="c">NPH</subfield><subfield code="d">OCLCQ</subfield><subfield code="d">DLC</subfield></datafield><datafield ind1=" " ind2=" " tag="042"><subfield code="a">msc</subfield></datafield><datafield ind1="0" ind2="0" tag="245"><subfield code="a">Harrisburg star independent.</subfield></datafield><datafield ind1="1" ind2="3" tag="246"><subfield code="a">Star-independent</subfield></datafield><datafield ind1="1" ind2="3" tag="246"><subfield code="a">Daily star-independent</subfield></datafield><datafield ind1=" " ind2=" " tag="260"><subfield code="a">Harrisburg, Pa. :</subfield><subfield code="b">[s.n.],</subfield><subfield code="c">1891-1904.</subfield></datafield><datafield ind1=" " ind2=" " tag="300"><subfield code="a">26 v. :</subfield><subfield code="b">ill. (chiefly advertisements)</subfield></datafield><datafield ind1=" " ind2=" " tag="310"><subfield code="a">Daily (except Sun.)</subfield></datafield><datafield ind1="0" ind2=" " tag="362"><subfield code="a">Vol. 30, no. 51 (Aug. 3, 1891)-v. 56, no. 69 (Sept. 2, 1904).</subfield></datafield><datafield ind1=" " ind2=" " tag="580"><subfield code="a">Formed by the merger of: Harrisburg evening star, and: Harrisburg daily independent. Cf. Gregory, W. Amer. newspapers.</subfield></datafield><datafield ind1=" " ind2=" " tag="580"><subfield code="a">Also issued in a weekly edition called: Weekly star-independent.</subfield></datafield><datafield ind1=" " ind2=" " tag="752"><subfield code="a">United States</subfield><subfield code="b">Pennsylvania</subfield><subfield code="c">Dauphin</subfield><subfield code="d">Harrisburg.</subfield></datafield><datafield ind1="1" ind2=" " tag="775"><subfield code="t">Weekly star-independent</subfield></datafield><datafield ind1="1" ind2="4" tag="780"><subfield code="t">Harrisburg daily independent</subfield><subfield code="w">(DLC)sn 86081331</subfield><subfield code="w">(OCoLC)12926176</subfield></datafield><datafield ind1="1" ind2="4" tag="780"><subfield code="t">Harrisburg evening star</subfield></datafield><datafield ind1="0" ind2="0" tag="785"><subfield code="t">Star-independent</subfield><subfield code="x">2376-3655</subfield><subfield code="w">(DLC)sn 86081330</subfield><subfield code="w">(OCoLC)12926227</subfield></datafield><datafield ind1="1" ind2=" " tag="029"><subfield code="a">AU@</subfield><subfield code="b">000025814142</subfield></datafield></record>